@article{fox2006grace,
  title={Prediction of risk of death and myocardial infarction in the six months after presentation with acute coronary syndrome: prospective multinational observational study (GRACE)},
  author={Fox, Keith A. A. and others},
  journal={BMJ},
  volume={333},
  number={7578},
  pages={1091},
  year={2006},
  publisher={BMJ Publishing Group}
}

@article{antman2000timi,
  title={The TIMI risk score for unstable angina/non–ST elevation MI: A method for prognostication and therapeutic decision making},
  author={Antman, Elliott M. and others},
  journal={JAMA},
  volume={284},
  number={7},
  pages={835--842},
  year={2000}
}

@article{morrow2013action,
  title={The ACTION Registry–GWTG risk score predicts mortality in acute myocardial infarction},
  author={Morrow, David A. and others},
  journal={American Heart Journal},
  volume={166},
  number={4},
  pages={607--615},
  year={2013}
}

@article{pinto2015proacs,
  title={Development and validation of the ProACS risk score for predicting mortality in acute coronary syndromes},
  author={Pinto, Fausto J. and others},
  journal={Revista Portuguesa de Cardiologia},
  volume={34},
  number={12},
  pages={771--781},
  year={2015}
}

@article{zhu2024ml,
  title={Machine learning prediction of in-hospital mortality for acute myocardial infarction: a multicenter study},
  author={Zhu, Xiaoyu and others},
  journal={European Heart Journal -- Digital Health},
  year={2024},
  note={In press}
}

@article{oliveira2023ml,
  title={Machine learning prediction of mortality in acute myocardial infarction},
  author={Oliveira, Mariana and others},
  journal={BMC Medical Informatics and Decision Making},
  volume={23},
  number={1},
  pages={18},
  year={2023}
}

@article{wang2022ami,
  title={Integration of inflammatory and renal biomarkers to predict mortality in acute myocardial infarction using machine learning},
  author={Wang, Hui and others},
  journal={Frontiers in Cardiovascular Medicine},
  volume={9},
  pages={948112},
  year={2022}
}

@phdthesis{santos2022tesis,
  title={Escala predictiva de muerte hospitalaria por infarto agudo de miocardio},
  author={Santos Medina, Maikel},
  school={Instituto de Cardiología y Cirugía Cardiovascular},
  year={2022},
  address={La Habana, Cuba}
}

@book{steyerberg2019clinical,
  title={Clinical Prediction Models: A Practical Approach to Development, Validation, and Updating},
  author={Steyerberg, Ewout W.},
  publisher={Springer Nature},
  year={2019},
  edition={2nd}
}

@article{kolk2023review,
  title={Machine learning of electrophysiological signals for prediction of ventricular arrhythmias: a systematic review},
  author={Kolk, M. Z. H. and others},
  journal={eBioMedicine},
  volume={91},
  pages={104583},
  year={2023}
}

@article{liu2024ecg,
  title={Near-term prediction of ventricular arrhythmias using deep learning on ambulatory ECG},
  author={Liu, Fang and others},
  journal={Frontiers in Cardiovascular Medicine},
  year={2024},
  note={Online ahead of print}
}
